% Edward J. Xu

@book{salsa2016partial,
  title={Partial differential equations in action: from modelling to theory},
  author={Salsa, Sandro},
  volume={99},
  year={2016},
  publisher={Springer}
}